<record><leader>00000cas a2200000   4500</leader><controlfield tag="001">4576835</controlfield><controlfield tag="008">790123d19631981nvuwr ne      0   a0eng d</controlfield><datafield ind1=" " ind2=" " tag="010"><subfield code="a">sn 79001009 </subfield></datafield><datafield ind1=" " ind2=" " tag="040"><subfield code="a">NSD</subfield><subfield code="b">eng</subfield><subfield code="c">NSD</subfield><subfield code="d">NPV</subfield><subfield code="d">NNX</subfield><subfield code="d">MFN</subfield><subfield code="d">CNW</subfield><subfield code="d">OBN</subfield><subfield code="d">OCL</subfield><subfield code="d">OCLCQ</subfield><subfield code="d">OCLCF</subfield><subfield code="d">OCLCO</subfield></datafield><datafield ind1=" " ind2=" " tag="012"><subfield code="k">1</subfield><subfield code="m">c</subfield></datafield><datafield ind1="1" ind2=" " tag="022"><subfield code="a">0023-8546</subfield><subfield code="l">0023-8546</subfield><subfield code="2">1</subfield></datafield><datafield ind1="1" ind2=" " tag="029"><subfield code="a">AU@</subfield><subfield code="b">000025791900</subfield></datafield><datafield ind1=" " ind2=" " tag="032"><subfield code="a">458950</subfield><subfield code="b">USPS</subfield></datafield><datafield ind1=" " ind2=" " tag="037"><subfield code="b">Las Vegas Voice, POB 4686, Las Vegas, NV, 89106</subfield></datafield><datafield ind1=" " ind2=" " tag="042"><subfield code="a">nsdp</subfield><subfield code="a">msc</subfield></datafield><datafield ind1=" " ind2=" " tag="043"><subfield code="a">n-us-nv</subfield></datafield><datafield ind1=" " ind2="0" tag="222"><subfield code="a">Las Vegas voice</subfield></datafield><datafield ind1="0" ind2="0" tag="245"><subfield code="a">Las Vegas voice.</subfield></datafield><datafield ind1=" " ind2=" " tag="260"><subfield code="a">Las Vegas, Nev. :</subfield><subfield code="b">Charles I. West,</subfield></datafield><datafield ind1=" " ind2=" " tag="300"><subfield code="a">v.</subfield></datafield><datafield ind1=" " ind2=" " tag="310"><subfield code="a">Weekly</subfield></datafield><datafield ind1="1" ind2=" " tag="362"><subfield code="a">Began in 1963? Ceased in Feb. 1981.</subfield></datafield><datafield ind1=" " ind2=" " tag="530"><subfield code="a">Available on microfilm from Recordak.</subfield></datafield><datafield ind1=" " ind2=" " tag="588"><subfield code="a">Description based on: Vol. 2, no. 1 (Jan. 2, 1964).</subfield></datafield><datafield ind1=" " ind2="0" tag="650"><subfield code="a">African Americans</subfield><subfield code="z">Nevada</subfield><subfield code="z">Las Vegas</subfield><subfield code="v">Newspapers.</subfield></datafield><datafield ind1=" " ind2="0" tag="651"><subfield code="a">Las Vegas (Nev.)</subfield><subfield code="v">Newspapers.</subfield></datafield><datafield ind1=" " ind2="0" tag="651"><subfield code="a">Clark County (Nev.)</subfield><subfield code="v">Newspapers.</subfield></datafield><datafield ind1=" " ind2="7" tag="655"><subfield code="a">Newspapers.</subfield><subfield code="2">fast</subfield><subfield code="0">(OCoLC)fst01423814</subfield></datafield><datafield ind1=" " ind2="7" tag="650"><subfield code="a">African Americans.</subfield><subfield code="2">fast</subfield><subfield code="0">(OCoLC)fst00799558</subfield></datafield><datafield ind1=" " ind2="7" tag="651"><subfield code="a">Nevada</subfield><subfield code="z">Clark County.</subfield><subfield code="2">fast</subfield><subfield code="0">(OCoLC)fst01212877</subfield></datafield><datafield ind1=" " ind2="7" tag="651"><subfield code="a">Nevada</subfield><subfield code="z">Las Vegas.</subfield><subfield code="2">fast</subfield><subfield code="0">(OCoLC)fst01204935</subfield></datafield><datafield ind1=" " ind2=" " tag="752"><subfield code="a">United States</subfield><subfield code="b">Nevada</subfield><subfield code="c">Clark</subfield><subfield code="d">Las Vegas.</subfield></datafield><datafield ind1="0" ind2="0" tag="785"><subfield code="t">Vegas voice</subfield></datafield><datafield ind1=" " ind2=" " tag="936"><subfield code="a">Jan. 4, 1979</subfield></datafield></record>